<?xml version="1.0" encoding="UTF-8"?><collection xmlns="http://www.loc.gov/MARC21/slim"><record><leader>00397nam--2200145-i-4500</leader><controlfield tag="001">000036621</controlfield><controlfield tag="002">20161230</controlfield><controlfield tag="005">20161230201041</controlfield><controlfield tag="008">060222s1000------------r-----000-0-eng-d</controlfield><datafield ind1=" " ind2=" " tag="080"><subfield code="a">517.987.1:53.083</subfield></datafield><datafield ind1="1" ind2=" " tag="100"><subfield code="a">Pop,E., V.Stoica, I.Nafornita, E.Petriu</subfield></datafield><datafield ind1="1" ind2="0" tag="245"><subfield code="a">Tehnici moderne de masurare</subfield></datafield><datafield ind1=" " ind2=" " tag="260"><subfield code="a">Timisoara, Ed.Facla, 1983. 323p</subfield></datafield><datafield ind1=" " ind2=" " tag="852"><subfield code="a">70800</subfield><subfield code="c">517.9</subfield></datafield><datafield ind1=" " ind2=" " tag="CAT"><subfield code="a">Sys</subfield><subfield code="c">20090410</subfield><subfield code="h">093705</subfield></datafield></record></collection>